@Misc{webopedia,
  key =       {ss},
  author =    {Vangie Beal},
  title =     {intrusion detection system},
  howpublished = {Webopedia}}
