@Misc{webopedia,
  key =       {ss},
  author =    {Vangie Beal},
  title =     {intrusion detection system},
  howpublished = {Webopedia}}

@TechReport{krier06:ids,
  author =       {Jonathan Krier},
  title =        {Les systèmes de détection d'intrusions},
  institution =  {developpez.com},
  year =         2006,
  month =     {july}}


@Unpublished{hynesim,
  author =       {Diateam},
  title =        {Hynesim},
  note =         {https://www.hynesim.org/}}


@TechReport{peterson:kanban,
  author =       {David Peterson},
  title =        {What is Kanban},
  institution =  {KanbanBlog},
  year =         2009}


@Misc{guillot:kanboard,
  author =    {Frédéric Guillot},
  title =     {Kanboard},
  howpublished = {https://kanboard.net/}}


@Article{leblond:suricata,
  author =       {Eric Leblond},
  title =        {Suricata, Dévoilez la face sécurité de votre réseau},
  journal =      {Gnu Linux Magazine France Hors-série},
  year =         2015,
  volume =    76,
  pages =     9}

@Misc{3ilson.org16:selks,
  author =    {3ilson.org},
  title =     {SELKS + ESXi Installation Guide },
  howpublished = {Youtube},
  month =     {October},
  year =      2016}

@InProceedings{leblond14:let_selks,
  author =       {Eric Leblond},
  title =        {Let’s talk about SELKS},
  booktitle = {SSTIC conference},
  year =      2014,
  month =     {June}}

@Misc{stamusnetworks:_selks,
  author =    {StamusNetworks},
  title =     {SELKS},
  howpublished = {\url{https://github.com/StamusNetworks/SELKS}},
  year =     2014}


@InBook{ghernaouti13:_secur,
  author =    {Solange Ghernaouti},
  title =        {Sécurité informatique et réseaux},
  chapter =      {8.4},
  publisher =    {Dunod},
  year =         2013,
  key =       {I11 GHE},
  volume =    4,
  note =      {At Ensta Bretagne code: I11 GHE}}

@Misc{wikipedia17:_secur,
  author =    {wikipedia},
  title =     {Security information and event management},
  year =      2017}
