@Misc{webopedia,
  key =       {ss},
  author =    {Vangie Beal},
  title =     {intrusion detection system},
  howpublished = {Webopedia}}

@TechReport{krier06:ids,
  author =       {Jonathan Krier},
  title =        {Les systèmes de détection d'intrusions},
  institution =  {developpez.com},
  year =         2006,
  month =     {july}}
